<record><leader>00000cas a2200000 a 4500</leader><controlfield tag="001">50627425</controlfield><controlfield tag="008">020918d19671967cauer ne      0    0eng c</controlfield><datafield ind1=" " ind2=" " tag="010"><subfield code="a">sn2002061525</subfield></datafield><datafield ind1=" " ind2=" " tag="040"><subfield code="a">NYS</subfield><subfield code="b">eng</subfield><subfield code="c">NYS</subfield><subfield code="d">CUI</subfield><subfield code="d">CUV</subfield><subfield code="d">OCLCQ</subfield><subfield code="d">OCLCF</subfield></datafield><datafield ind1="1" ind2=" " tag="029"><subfield code="a">AU@</subfield><subfield code="b">000024106873</subfield></datafield><datafield ind1=" " ind2=" " tag="042"><subfield code="a">pcc</subfield></datafield><datafield ind1=" " ind2=" " tag="043"><subfield code="a">n-us-ca</subfield></datafield><datafield ind1="1" ind2="4" tag="050"><subfield code="a">PN4899</subfield><subfield code="b">.L33</subfield></datafield><datafield ind1="0" ind2="0" tag="245"><subfield code="a">Indianhead.</subfield></datafield><datafield ind1="3" ind2=" " tag="246"><subfield code="a">Indian head</subfield></datafield><datafield ind1=" " ind2=" " tag="260"><subfield code="a">[Laguna Beach, Calif. :</subfield><subfield code="b">David Pruitt]</subfield></datafield><datafield ind1=" " ind2=" " tag="300"><subfield code="a">v. :</subfield><subfield code="b">ill. ;</subfield><subfield code="c">38 cm.</subfield></datafield><datafield ind1=" " ind2=" " tag="310"><subfield code="a">Biweekly</subfield></datafield><datafield ind1="1" ind2=" " tag="362"><subfield code="a">Began in 1967.</subfield></datafield><datafield ind1="1" ind2=" " tag="362"><subfield code="a">Ceased in 1967?</subfield></datafield><datafield ind1=" " ind2=" " tag="530"><subfield code="a">Available on microfilm from UMI (Underground newspaper/press collection).</subfield></datafield><datafield ind1=" " ind2=" " tag="588"><subfield code="a">Description based on: Vol. 1, no. 5 ([1967]); title from cover.</subfield></datafield><datafield ind1=" " ind2=" " tag="588"><subfield code="a">Latest issue consulted: Vol. 1, no. 8 (Nov. 17, 1967).</subfield></datafield><datafield ind1=" " ind2="0" tag="650"><subfield code="a">Counterculture</subfield><subfield code="v">Periodicals.</subfield></datafield><datafield ind1=" " ind2="0" tag="650"><subfield code="a">Peace movements</subfield><subfield code="z">California</subfield><subfield code="z">Orange County</subfield><subfield code="v">Periodicals.</subfield></datafield><datafield ind1=" " ind2="0" tag="650"><subfield code="a">Underground press publications</subfield><subfield code="z">California</subfield><subfield code="z">Laguna Beach.</subfield></datafield><datafield ind1=" " ind2="0" tag="651"><subfield code="a">Laguna Beach (Calif.)</subfield><subfield code="v">Newspapers.</subfield></datafield><datafield ind1=" " ind2="0" tag="651"><subfield code="a">Orange County (Calif.)</subfield><subfield code="v">Newspapers.</subfield></datafield><datafield ind1=" " ind2="7" tag="655"><subfield code="a">Newspapers.</subfield><subfield code="2">fast</subfield><subfield code="0">(OCoLC)fst01423814</subfield></datafield><datafield ind1=" " ind2="7" tag="655"><subfield code="a">Periodicals.</subfield><subfield code="2">fast</subfield><subfield code="0">(OCoLC)fst01411641</subfield></datafield><datafield ind1=" " ind2="7" tag="650"><subfield code="a">Counterculture.</subfield><subfield code="2">fast</subfield><subfield code="0">(OCoLC)fst00881315</subfield></datafield><datafield ind1=" " ind2="7" tag="650"><subfield code="a">Peace movements.</subfield><subfield code="2">fast</subfield><subfield code="0">(OCoLC)fst01055858</subfield></datafield><datafield ind1=" " ind2="7" tag="650"><subfield code="a">Underground press publications.</subfield><subfield code="2">fast</subfield><subfield code="0">(OCoLC)fst01160984</subfield></datafield><datafield ind1=" " ind2="7" tag="651"><subfield code="a">California</subfield><subfield code="z">Laguna Beach.</subfield><subfield code="2">fast</subfield><subfield code="0">(OCoLC)fst01206172</subfield></datafield><datafield ind1=" " ind2="7" tag="651"><subfield code="a">California</subfield><subfield code="z">Orange County.</subfield><subfield code="2">fast</subfield><subfield code="0">(OCoLC)fst01206289</subfield></datafield><datafield ind1=" " ind2=" " tag="752"><subfield code="a">United States</subfield><subfield code="b">California</subfield><subfield code="c">Orange</subfield><subfield code="d">Laguna Beach.</subfield></datafield><datafield ind1="1" ind2=" " tag="776"><subfield code="t">Indianhead</subfield><subfield code="w">(DLC)  2003252529</subfield><subfield code="w">(OCoLC)7524754</subfield></datafield></record>